@online{acs_demographics_data,
  author = {United States Census Bureau},
  title = {American Community Survey: ACS DEMOGRAPHIC AND HOUSING ESTIMATES},
  year = 2018,
  url = {https://data.census.gov/cedsci/table?tid=ACSDP5Y2018.DP05},
  urldate = {2021-08-12}
}

@online{acs_poverty_data,
  author = {United States Census Bureau},
  title = {American Community Survey: POVERTY STATUS IN THE PAST 12 MONTHS},
  year = 2018,
  url = {https://data.census.gov/cedsci/table?tid=ACSST5Y2018.S1701},
  urldate = {2021-08-25}
}

@online{acs_income_data,
  author = {United States Census Bureau},
  title = {American Community Survey: INCOME IN THE PAST 12 MONTHS (IN 2018 INFLATION-ADJUSTED DOLLARS) },
  year = 2018,
  url = {https://data.census.gov/cedsci/table?tid=ACSST5Y2018.S1901},
  urldate = {2021-08-12}
}

@online{acs_marital_data,
  author = {United States Census Bureau},
  title = {American Community Survey: MARITAL STATUS},
  year = 2018,
  url = {https://data.census.gov/cedsci/table?tid=ACSST5Y2018.S1201},
  urldate = {2021-08-25}
}

@online{acs_education_data,
  author = {United States Census Bureau},
  title = {American Community Survey: EDUCATIONAL ATTAINMENT},
  year = 2018,
  url = {https://data.census.gov/cedsci/table?tid=ACSST5Y2018.S1501},
  urldate = {2021-07-25}
}

@online{samhsa_data,
  author = {Substance Abuse and Mental Health Services Administration},
  title = {2016-2018 NSDUH Substate Region Estimates - Tables},
  year = 2020,
  url = {https://www.samhsa.gov/data/report/2016-2018-nsduh-substate-region-estimates-tables},
  urldate = {2021-08-27}
}

@online{samhsa_substate_region_defs,
  author = {Substance Abuse and Mental Health Services Administration},
  title = {2014-2016 NSDUH Substate Region Definitions},
  year = 2018,
  url = {https://www.samhsa.gov/data/report/2014-2016-nsduh-substate-region-definitions},
  urldate = {2021-08-18}
}

@software{python_us,
    author       = {Jeremy Carbaugh;
					Miles Watkins;
					Ben Chartoff;
					chebee7i;
					Tyler Garner;
					Zohar Jackson;
					Jeff Paine;
					am0z;
					Adam J. Stewart;
					Alexander Kulakov;
					owenam},
    title        = {unitedstates/python-us},
    month        = oct,
    year         = 2021,
    publisher    = {GitHub},
    version      = {2.0.2},
    url          = {https://github.com/unitedstates/python-us}
}

@software{pandas,
    author       = {Jeff Reback;
					jbrockmendel;
					Wes McKinney;
					Joris Van den Bossche;
					Tom Augspurger;
					Phillip Cloud;
					Simon Hawkins;
					gfyoung;
					Matthew Roeschke;
					Sinhrks;
					Adam Klein;
					Terji Petersen;
					Jeff Tratner;
					Chang She;
					William Ayd;
					Patrick Hoefler;
					Shahar Naveh;
					Marc Garcia;
					Jeremy Schendel;
					Andy Hayden;
					Daniel Saxton;
					JHM Darbyshire;
					Richard Shadrach;
					Marco Edward Gorelli;
					Fangchen Li;
					Matthew Zeitlin;
					Vytautas Jancauskas;
					Ali McMaster;
					Pietro Battiston;
					Skipper Seabold},
    title        = {pandas-dev/pandas: Pandas},
    month        = oct,
    year         = 2021,
    publisher    = {Zenodo},
    version      = {Pandas 1.3.4},
    doi          = {10.5281/zenodo.5574486},
    url          = {https://doi.org/10.5281/zenodo.5574486}

